<record><leader>00000cas a22000007a 4500</leader><controlfield tag="001">31692782</controlfield><controlfield tag="008">941214d19891989nyuwr ne      0    0eng d</controlfield><datafield ind1=" " ind2=" " tag="010"><subfield code="a">sn 95071098 </subfield></datafield><datafield ind1=" " ind2=" " tag="040"><subfield code="a">NYS</subfield><subfield code="b">eng</subfield><subfield code="c">NYS</subfield><subfield code="d">OCLCQ</subfield></datafield><datafield ind1=" " ind2=" " tag="042"><subfield code="a">msc</subfield></datafield><datafield ind1="0" ind2=" " tag="130"><subfield code="a">This week (Farmingdale, N.Y. : Hempstead ed.)</subfield></datafield><datafield ind1="1" ind2="0" tag="245"><subfield code="a">This week.</subfield></datafield><datafield ind1="3" ind2="0" tag="246"><subfield code="a">Hempstead this week</subfield></datafield><datafield ind1="1" ind2="3" tag="246"><subfield code="a">This week Hempstead</subfield></datafield><datafield ind1=" " ind2=" " tag="250"><subfield code="a">Hempstead ed.</subfield></datafield><datafield ind1=" " ind2=" " tag="260"><subfield code="a">Farmingdale, N.Y. :</subfield><subfield code="b">Chanry Communications</subfield></datafield><datafield ind1=" " ind2=" " tag="300"><subfield code="a">v. :</subfield><subfield code="b">ill. ;</subfield><subfield code="c">37 cm.</subfield></datafield><datafield ind1=" " ind2=" " tag="310"><subfield code="a">Weekly</subfield></datafield><datafield ind1="0" ind2=" " tag="362"><subfield code="a">Vol. 1, no. 1 (May 6, 1989)-v. 1, no. 30 (Dec. 2, 1989).</subfield></datafield><datafield ind1=" " ind2="4" tag="651"><subfield code="a">Farmingdale (N.Y.)</subfield><subfield code="v">Newspapers.</subfield></datafield><datafield ind1=" " ind2="4" tag="651"><subfield code="a">Hempstead (N.Y.)</subfield><subfield code="v">Newspapers.</subfield></datafield><datafield ind1=" " ind2="4" tag="651"><subfield code="a">Nassau County (N.Y.)</subfield><subfield code="v">Newspapers.</subfield></datafield><datafield ind1=" " ind2=" " tag="752"><subfield code="a">United States</subfield><subfield code="b">New York</subfield><subfield code="c">Nassau</subfield><subfield code="d">Farmingdale.</subfield></datafield><datafield ind1=" " ind2=" " tag="752"><subfield code="a">United States</subfield><subfield code="b">New York</subfield><subfield code="c">Nassau</subfield><subfield code="d">Hempstead.</subfield></datafield><datafield ind1="0" ind2=" " tag="775"><subfield code="t">This week (Farmingdale, N.Y. : Glen Cove ed.)</subfield><subfield code="w">(DLC)sn 90066147</subfield></datafield><datafield ind1="1" ind2="0" tag="780"><subfield code="t">Hempstead pennysaver</subfield></datafield><datafield ind1="1" ind2="0" tag="785"><subfield code="t">Hempstead pennysaver (1989)</subfield></datafield><datafield ind1="1" ind2=" " tag="029"><subfield code="a">AU@</subfield><subfield code="b">000011634669</subfield></datafield></record>